<?xml version="1.0" encoding="UTF-8"?><record xmlns="http://www.loc.gov/MARC21/slim" xmlns:cinclude="http://apache.org/cocoon/include/1.0" xmlns:zs="http://www.loc.gov/zing/srw/">
  <leader>00658cz  a2200157n  4500</leader>
  <controlfield tag="001">n  84135475 </controlfield>
  <controlfield tag="003">DLC</controlfield>
  <controlfield tag="005">20081203080710.0</controlfield>
  <controlfield tag="008">841129n| acannaabn          |a aaa      </controlfield>
  <datafield tag="010" ind1=" " ind2=" ">
    <subfield code="a">n  84135475 </subfield>
  </datafield>
  <datafield tag="035" ind1=" " ind2=" ">
    <subfield code="a">(OCoLC)oca01229789</subfield>
  </datafield>
  <datafield tag="040" ind1=" " ind2=" ">
    <subfield code="a">DLC</subfield>
    <subfield code="b">eng</subfield>
    <subfield code="c">DLC</subfield>
    <subfield code="d">DLC</subfield>
    <subfield code="d">OCoLC</subfield>
  </datafield>
  <datafield tag="100" ind1="1" ind2=" ">
    <subfield code="a">Oliveira, Maria Helena Ribeiro de</subfield>
  </datafield>
  <datafield tag="400" ind1="1" ind2=" ">
    <subfield code="a">Ribeiro de Oliveira, Maria Helena</subfield>
  </datafield>
  <datafield tag="400" ind1="1" ind2=" ">
    <subfield code="a">De Oliveira, Maria Helena Ribeiro</subfield>
  </datafield>
  <datafield tag="670" ind1=" " ind2=" ">
    <subfield code="a">Her Política de concentração de renda no modelo econômico brasileiro e a evolução salarial do magistério público em Goiás, 1983:</subfield>
    <subfield code="b">t.p. (Maria Helena Ribeiro de Oliveira) flap of cover (teacher and school administrator)</subfield>
  </datafield>
</record>